
@article{haralick_textural_1973,
  title   = {Textural {Features} for {Image} {Classification}},
  volume  = {SMC-3},
  issn    = {0018-9472, 2168-2909},
  url     = {http://ieeexplore.ieee.org/document/4309314/},
  doi     = {10.1109/TSMC.1973.4309314},
  number  = {6},
  journal = {IEEE Transactions on
             Systems, Man, and Cybernetics},
  author  = {Haralick, Robert M. and Shanmugam,
             K. and Dinstein, Its'Hak},
  month   = nov,
  year    = {1973},
  pages   = {610--621}
}

@incollection{goos_gray_2000,
  address   = {Berlin, Heidelberg},
  title     = {Gray {Scale} and {Rotation}
               {Invariant} {Texture} {Classification} with {Local} {Binary} {Patterns}},
  volume    = {1842},
  isbn      = {9783540676850 9783540450542},
  url       = {http://link.springer.com/10.1007/3-540-45054-8_27},
  language  = {en},
  booktitle = {Computer {Vision} - {ECCV} 2000},
  publisher = {Springer Berlin
               Heidelberg},
  author    = {Ojala, Timo and Pietikäinen, Matti and Mäenpää,
               Topi},
  editor    = {Goos, Gerhard and Hartmanis, Juris and van Leeuwen, Jan},
  year      = {2000},
  doi       = {10.1007/3-540-45054-8_27},
  pages     = {404--420}
}

@article{liu_bow_2019,
  title      = {From {BoW} to {CNN}: {Two} {Decades} of {Texture}
                {Representation} for {Texture} {Classification}},
  volume     = {127},
  issn       = {0920-5691, 1573-1405},
  shorttitle = {From {BoW} to {CNN}},
  url        = {http://link.springer.com/10.1007/s11263-018-1125-z},
  doi        = {10.1007/s11263-018-1125-z},
  language   = {en},
  number     = {1},
  journal    = {International Journal of Computer Vision},
  author     = {Liu, Li and Chen,
                Jie and Fieguth, Paul and Zhao, Guoying and Chellappa, Rama and Pietikäinen,
                Matti},
  month      = jan,
  year       = {2019},
  pages      = {74--109}
}
