% Encoding: UTF-8
@inproceedings{perrichot_antweb_2012,
  title       = {{AntWeb}: digitizing {Recent} and fossil insects for an online
                 database of the ants of the world},
  shorttitle  = {{AntWeb}},
  url         = {https://hal-insu.archives-ouvertes.fr/insu-00805243},
  language    = {en},
  author      = {Perrichot, Vincent and Fisher, Brian},
  month       = sep,
  year        = {2012},
  booktitle   = {{Digital Fossil International Conference}},
  hal_id      = {insu-00805243},
  hal_version = {v1}
}

@article{bruckner_relationship_2017,
  author   = {Br\"{u}ckner, Adrian and Heethoff, Michael and Bl\"{u}thgen, Nico},
  journal  = {PLOS ONE},
  title    = {The relationship between epicuticular
              long-chained hydrocarbons and surface area - volume ratios in insects
              ({Diptera}, {Hymenoptera}, {Lepidoptera})},
  year     = {2017},
  issn     = {1932-6203},
  month    = apr,
  number   = {4},
  pages    = {e0175001},
  volume   = {12},
  doi      = {10.1371/journal.pone.0175001},
  editor   = {Nascimento, Fabio
              S.},
  file     = {:bruckner_relationship_2017 - The Relationship between
              Epicuticular Long Chained Hydrocarbons and Surface Area Volume Ratios in
              Insects (Diptera, Hymenoptera, Lepidoptera).pdf:PDF},
  language = {en},
  url      = {https://dx.plos.org/10.1371/journal.pone.0175001}
}

@article{currie_coevolved_2006,
  author   = {Currie, C. R.},
  journal  = {Science},
  title    = {Coevolved
              {Crypts} and {Exocrine} {Glands} {Support} {Mutualistic} {Bacteria} in
              {Fungus}-{Growing} {Ants}},
  year     = {2006},
  issn     = {0036-8075,
              1095-9203},
  month    = jan,
  number   = {5757},
  pages    = {81--83},
  volume   = {311},
  doi      = {10.1126/science.1119744},
  file     = {:currie_coevolved_2006 - Coevolved Crypts and Exocrine Glands Support
              Mutualistic Bacteria in Fungus Growing Ants.pdf:PDF},
  language = {en},
  url      = {https://www.sciencemag.org/lookup/doi/10.1126/science.1119744}
}

@book{gullan_insects_2009,
  author     = {Gullan, P. J and Cranston, P. S},
  publisher  = {Wiley},
  title      = {Insects: an {Outline} of {Entomology}.},
  year       = {2009},
  address    = {Hoboken},
  isbn       = {9781405144575},
  note       = {OCLC: 1048427241},
  file       = {:gullan_insects_2009
                - Insects_ an Outline of Entomology..pdf:PDF},
  language   = {English},
  shorttitle = {Insects},
  url        = {http://qut.eblib.com.au/patron/FullRecord.aspx?p=233169}
}

@article{gunderson_insect_1989,
  title      = {The insect exoskeleton: {A} natural structural composite},
  volume     = {41},
  issn       = {1047-4838, 1543-1851},
  shorttitle = {The
                insect exoskeleton},
  url        = {http://link.springer.com/10.1007/BF03220386},
  doi        = {10.1007/BF03220386},
  language   = {en},
  number     = {11},
  journal    = {JOM},
  author     = {Gunderson, Steve and
                Schiavone, Rebecca},
  month      = nov,
  year       = {1989},
  pages      = {60--63}
}

@article{johnson_effect_2011,
  author   = {Johnson, Robert A. and Kaiser, Alexander and Quinlan, Michael and
              Sharp, William},
  journal  = {Journal of Experimental Biology},
  title    = {Effect of cuticular abrasion and recovery on water loss rates in queens of
              the desert harvester ant \textit{{Messor} pergandei}},
  year     = {2011},
  issn     = {1477-9145, 0022-0949},
  month    = oct,
  number   = {20},
  pages    = {3495--3506},
  volume   = {214},
  doi      = {10.1242/jeb.054304},
  file     = {:johnson_effect_2011 - Effect of
              Cuticular Abrasion and Recovery on Water Loss Rates in Queens of the Desert
              Harvester Ant Messor Pergandei.pdf:PDF},
  language = {en},
  url      = {https://journals.biologists.com/jeb/article/214/20/3495/10482/Effect-of-cuticular-abrasion-and-recovery-on-water}
}

@article{muthukrishnan_insect_2020,
  title    = {Insect {Cuticular} {Chitin} {Contributes} to {Form} and
              {Function}},
  volume   = {26},
  issn     = {13816128},
  url      = {https://www.eurekaselect.com/182235/article},
  doi      = {10.2174/1381612826666200523175409},
  language = {en},
  number   = {29},
  journal  = {Current
              Pharmaceutical Design},
  author   = {Muthukrishnan, Subbaratnam and Mun, Seulgi
              and Noh, Mi Y. and Geisbrecht, Erika R. and Arakane, Yasuyuki},
  month    = sep,
  year     = {2020},
  pages    = {3530--3545}
}

@article{watson_diversity_2017,
  title      = {Diversity of {Cuticular} {Micro}- and {Nanostructures} on
                {Insects}: {Properties}, {Functions}, and {Potential} {Applications}},
  volume     = {62},
  issn       = {0066-4170, 1545-4487},
  shorttitle = {Diversity of
                {Cuticular} {Micro}- and {Nanostructures} on {Insects}},
  url        = {http://www.annualreviews.org/doi/10.1146/annurev-ento-031616-035020},
  doi        = {10.1146/annurev-ento-031616-035020},
  language   = {en},
  number     = {1},
  journal    = {Annual Review of Entomology},
  author     = {Watson, Gregory S. and Watson, Jolanta A. and Cribb, Bronwen W.},
  month      = jan,
  year       = {2017},
  pages      = {185--205}
}

@article{sheikh_diverse_2017,
  author  = {A. Sheikh and Nz Rehman and Ritesh Kumar},
  journal = {Journal of
             entomology and zoology studies},
  title   = {Diverse adaptations in insects: A
             Review},
  year    = {2017},
  pages   = {343-350},
  volume  = {5},
  file    = {:sheikh_diverse_2017 - Diverse Adaptations in Insects_ a Review.pdf:PDF}
}


% computer science @article{sosiak_multidimensional_2021,
  title    = {Multidimensional trait morphology predicts ecology across ant
              lineages},
  volume   = {35},
  issn     = {0269-8463, 1365-2435},
  url      = {https://onlinelibrary.wiley.com/doi/10.1111/1365-2435.13697},
  doi      = {10.1111/1365-2435.13697},
  language = {en},
  number   = {1},
  journal  = {Functional Ecology},
  author   = {Sosiak, Christine
              E. and Barden, Phillip},
  editor   = {Higham, Timothy},
  month    = jan,
  year     = {2021},
  pages    = {139--152}
}

@phdthesis{sun_robust_2014,
  title     = {Robust texture classification based on machine learning},
  copyright = {The author},
  url       = {https://dro.deakin.edu.au/view/DU:30067459},
  language  = {eng},
  school    = {Deakin University},
  author    = {Sun, Xiangping},
  month     = aug,
  year      = {2014}
}

@inproceedings{liu_new_2009,
  author    = {Liu, Hong and Dai, Siguang and Song, Enmin and Yang, Cihui and
               Hung, Chih-Cheng},
  booktitle = {Proceedings of the 2009 {ACM} symposium on
               {Applied} {Computing} - {SAC} '09},
  title     = {A new {K}-{View} algorithm
               for texture image classification using rotation-invariant feature},
  year      = {2009},
  address   = {Honolulu, Hawaii},
  pages     = {914},
  publisher = {ACM
               Press},
  doi       = {10.1145/1529282.1529481},
  file      = {:liu_new_2009 - A
               New K View Algorithm for Texture Image Classification Using Rotation Invariant
               Feature.pdf:PDF},
  isbn      = {9781605581668},
  language  = {en},
  url       = {http://portal.acm.org/citation.cfm?doid=1529282.1529481}
}

@book{hung_image_2019,
  author     = {Hung, Chih-Cheng and Song, Enmin and Lan, Yihua},
  publisher  = {Springer International Publishing},
  title      = {Image {Texture} {Analysis}:
                {Foundations}, {Models} and {Algorithms}},
  year       = {2019},
  address    = {Cham},
  isbn       = {9783030137724 9783030137731},
  doi        = {10.1007/978-3-030-13773-1},
  file       = {:hung_image_2019 - Image Texture
                Analysis_ Foundations, Models and Algorithms.pdf:PDF},
  language   = {en},
  shorttitle = {Image {Texture} {Analysis}},
  url        = {http://link.springer.com/10.1007/978-3-030-13773-1}
}

@article{maillard_texture_2003,
  author  = {P. Maillard},
  journal = {Photogrammetric Engineering and Remote
             Sensing},
  title   = {Comparing Texture Analysis Methods through
             Classification},
  year    = {2003},
  pages   = {357-367},
  volume  = {69}
}

@inproceedings{boudra_plant_2018,
  author     = {Boudra, Safia and Yahiaoui, Itheri and Behloul, Ali},
  booktitle  = {2018 24th {International} {Conference} on {Pattern} {Recognition}
                ({ICPR})},
  title      = {Plant identification from bark: {A} texture
                description based on {Statistical} {Macro} {Binary} {Pattern}},
  year       = {2018},
  month      = aug,
  note       = {ISSN: 1051-4651},
  pages      = {1530--1535},
  doi        = {10.1109/ICPR.2018.8545798},
  keywords   = {Encoding, Prototypes, Quantization
                (signal), Histograms, Image coding, Feature extraction, Image recognition},
  shorttitle = {Plant identification from bark}
}

@article{reed_review_1993,
  author   = {Reed, T.R. and Dubuf, J.M.H.},
  journal  = {CVGIP: Image
              Understanding},
  title    = {A {Review} of {Recent} {Texture} {Segmentation}
              and {Feature} {Extraction} {Techniques}},
  year     = {1993},
  issn     = {10499660},
  month    = may,
  number   = {3},
  pages    = {359--372},
  volume   = {57},
  doi      = {10.1006/ciun.1993.1024},
  language = {en},
  url      = {https://linkinghub.elsevier.com/retrieve/pii/S1049966083710247}
}


@article{harris_glossary_1979,
  title     = {A {Glossary} {Of} {Surface} {Sculpturing}.},
  copyright = {Open
               Access},
  url       = {https://zenodo.org/record/26215},
  doi       = {10.5281/ZENODO.26215},
  abstract  = {xBio:D Automated Upload},
  author    = {Harris, R. A.},
  month     = dec,
  year      = {1979},
  keywords  = {biodiversity, taxonomy, insects},
  journal   = {Occasional
               Papers in Entomology}
}

@book{fisher_ants_2007,
  address    = {Berkeley},
  title      = {Ants of {North} {America}: a guide to
                the genera},
  isbn       = {9780520254220 9780520253490},
  shorttitle = {Ants of
                {North} {America}},
  publisher  = {University of California Press},
  author     = {Fisher, Brian L. and Cover, Stefan P.},
  year       = {2007},
  note       = {OCLC: ocm80180487},
  keywords   = {Ants, United States, Identification, Ants,
                Canada, Identification, Ants, United States, Pictorial works, Ants, Canada,
                Pictorial works}
}

@article{blaimer_taxonomy_2019,
  title      = {Taxonomy and {Natural} {History} of the {Crematogaster}
                ({Decacrema})-group ({Hymenoptera}: {Formicidae}) in {Madagascar}},
  volume     = {2714},
  issn       = {1175-5334, 1175-5326},
  shorttitle = {Taxonomy and
                {Natural} {History} of the {Crematogaster} ({Decacrema})-group
                ({Hymenoptera}},
  url        = {https://biotaxa.org/Zootaxa/article/view/zootaxa.2714.1.1},
  doi        = {10.11646/zootaxa.2714.1.1},
  number     = {1},
  journal    = {Zootaxa},
  author     = {Blaimer,
                Bonnie B.},
  month      = jan,
  year       = {2019},
  pages      = {1}
}

%%%%%%%%%%%%%%%%%%%%%%%%%%%%%%%%%%%%%%%%%%%%%%%%%%%%%%%%%%%%%%%%%%%%%%%%%%%%%%%%
% Not yet reviewed %
%%%%%%%%%%%%%%%%%%%%%%%%%%%%%%%%%%%%%%%%%%%%%%%%%%%%%%%%%%%%%%%%%%%%%%%%%%%%%%%%

@article{pan_roughness_2020,
  title    = {Roughness {Analysis} of {Sea} {Surface} {From} {Visible} {Images}
              by {Texture}},
  volume   = {8},
  issn     = {2169-3536},
  doi      = {10.1109/ACCESS.2020.2978638},
  journal  = {IEEE Access},
  author   = {Pan, Hailang and Gao, Peilin and Zhou, Huicheng and Ma, Ruixue and
              Yang, Jingsong and Zhang, Xin},
  year     = {2020},
  keywords = {Rough surfaces,
              Surface roughness, Surface waves, Optical surface waves, Sea surface
              roughness, Sea measurements, Sea surface roughness, gray level co-occurrence
              matrices, gray level-gradient co-occurrence matrices, tamura texture features,
              autocorrelation function, edge frequency, fractional Brownian motion},
  pages    = {46448--46458}
}

@inproceedings{ganga_survey_2021,
  title     = {Survey of {Texture} {Based} {Image} {Processing} and {Analysis}
               with {Differential} {Fractional} {Calculus} {Methods}},
  doi       = {10.1109/ICSCAN53069.2021.9526439},
  booktitle = {2021 {International} {Conference} on {System},
               {Computation}, {Automation} and {Networking} ({ICSCAN})},
  author    = {Ganga,
               M. and Janakiraman, N. and Sivaraman, Arun Kumar and Balasundaram, A and
               Vincent, Rajiv and Rajesh, M},
  month     = jul,
  year      = {2021},
  keywords  = {Computer vision, Convolution, Image edge detection, Noise reduction,
               Observers, Calculus, Image enhancement, image processing, denoising,
               enhancement, fractional derivative calculus, convolution mask},
  pages     = {1--6}
}

@inproceedings{chen_characterization_2021,
  title     = {Characterization of tissue texture with {Mueller} matrix
               parameters},
  doi       = {10.1109/ICOIM52180.2021.9524414},
  booktitle = {2021 {International} {Conference} of {Optical} {Imaging} and
               {Measurement} ({ICOIM})},
  author    = {Chen, Yongtai and Xin, Benda and Zhao,
               Mingyu and Chu, Jinkui},
  month     = aug,
  year      = {2021},
  keywords  = {Image color analysis, Biological tissues, Scattering, Tools, Optical
               variables measurement, Robustness, Sensors, Mueller matrix imaging, image
               texture, tissue imaging, polarization characterization},
  pages     = {127--130}
}

@inproceedings{lu_paper_2021,
  title     = {Paper {Dating} {Analysis} {Based} on {Paper} {Texture} {Image}
               {Feature}},
  doi       = {10.1109/ICoIAS53694.2021.00010},
  booktitle = {2021 4th
               {International} {Conference} on {Intelligent} {Autonomous} {Systems}
               ({ICoIAS})},
  author    = {Lu, Qi and Zhu, Ziqi and Li, Zhihao and Lian, Zhe},
  month     = may,
  year      = {2021},
  keywords  = {Time series analysis,
               Stacking, Neural networks, Layout, Morphology, Production, Optical fiber
               networks, paper dating analysis, neural network, regression model, attention
               mechanism, GRU},
  pages     = {13--17}
}

@inproceedings{xu_integrating_2009,
  title     = {Integrating local feature and global statistics for texture
               analysis},
  doi       = {10.1109/ICIP.2009.5413361},
  booktitle = {2009 16th {IEEE} {International}
               {Conference} on {Image} {Processing} ({ICIP})},
  author    = {Xu, Yong and
               Huang, SiBin and Ji, Hui},
  month     = nov,
  year      = {2009},
  note      = {ISSN: 2381-8549},
  keywords  = {Statistical analysis, Robustness, Lighting,
               Fractals, Histograms, Image texture analysis, Pixel, Shape, Surface texture,
               Information retrieval, Image texture analysis, image classification, image
               recognition, pattern recognition, feature extraction},
  pages     = {1377--1380}
}

@inproceedings{vacha_illumination_2009,
  title     = {Illumination invariant and rotational insensitive textural
               representation},
  doi       = {10.1109/ICIP.2009.5413578},
  booktitle = {2009 16th
               {IEEE} {International} {Conference} on {Image} {Processing} ({ICIP})},
  author    = {Vácha, Pavel and Haindl, Michal},
  month     = nov,
  year      = {2009},
  note      = {ISSN: 2381-8549},
  keywords  = {Lighting, Histograms, Algorithm design and
               analysis, Layout, Spatial databases, Markov random fields, Rough surfaces,
               Surface roughness, Information theory, Automation, Illumination invariance,
               Markov random fields, texture features},
  pages     = {1333--1336}
}

@inproceedings{zhang_feature_2007,
  title     = {Feature {Reduction} and {Texture} {Classification} in
               {MRI}-{Texture} {Analysis} of {Multiple} {Sclerosis}},
  doi       = {10.1109/ICCME.2007.4381839},
  booktitle = {2007 {IEEE}/{ICME}
               {International} {Conference} on {Complex} {Medical} {Engineering}},
  author    = {Zhang, Jing and Wang, Lei and Tong, Longzheng},
  month     = may,
  year      = {2007},
  keywords  = {Multiple sclerosis, Lesions, Image texture analysis,
               Principal component analysis, Artificial neural networks, Performance
               analysis, Statistical analysis, Image analysis, Feature extraction, Data
               mining, Multiple Sclerosis, MRI, Texture Analysis, Feature Selection, Texture
               Classification},
  pages     = {752--757}
}

@inproceedings{feng_study_2009,
  title     = {Study on {Chinese} handwriting identification based on texture
               analysis},
  doi       = {10.1109/ICWAPR.2009.5207424},
  booktitle = {2009 {International} {Conference} on {Wavelet}
               {Analysis} and {Pattern} {Recognition}},
  author    = {Feng, Jun and Gao, Xu},
  month     = jul,
  year      = {2009},
  note      = {ISSN: 2158-5709},
  keywords  = {Image texture analysis, Gabor filters, Pattern recognition, Machine
               learning, Libraries, Machine learning algorithms, Feature extraction, Support
               vector machines, Support vector machine classification, Wavelet analysis,
               Handwriting identification, Texture feature analysis, SVM classifier, Chinese
               handwriting samples library},
  pages     = {215--219}
}

@inproceedings{vacha_illumination_2009-1,
  title     = {Illumination invariant and rotational insensitive textural
               representation},
  doi       = {10.1109/ICIP.2009.5413578},
  booktitle = {2009 16th
               {IEEE} {International} {Conference} on {Image} {Processing} ({ICIP})},
  author    = {Vácha, Pavel and Haindl, Michal},
  month     = nov,
  year      = {2009},
  note      = {ISSN: 2381-8549},
  keywords  = {Lighting, Histograms, Algorithm design and
               analysis, Layout, Spatial databases, Markov random fields, Rough surfaces,
               Surface roughness, Information theory, Automation, Illumination invariance,
               Markov random fields, texture features},
  pages     = {1333--1336}
}

@inproceedings{ghofrani_new_2010,
  title     = {A new rotation-invariant and noise-resistant method for texture
               analysis and classification},
  doi       = {10.1109/ICECTECH.2010.5479953},
  booktitle = {2010 2nd {International} {Conference} on
               {Electronic} {Computer} {Technology}},
  author    = {Ghofrani, Sedigheh and
               Feraidooni, Mohammad Mahdi},
  month     = may,
  year      = {2010},
  keywords  = {Image texture analysis, Wavelet transforms, Fourier transforms, Image
               analysis, Wavelet analysis, Image processing, Pattern analysis, Wavelet
               packets, Computational efficiency, Testing, texture classification,
               multi-resolution analysis, rotation invariant, Ridgelet transform, wavelet
               transform, Radon transform},
  pages     = {218--222}
}

@inproceedings{he_texture_2010,
  title     = {Texture analysis and classification for clinker in rotary kiln},
  volume    = {1},
  doi       = {10.1109/OPEE.2010.5508151},
  booktitle = {2010 {International} {Conference} on {Optics}, {Photonics} and {Energy}
               {Engineering} ({OPEE})},
  author    = {He, Min and Yan, Min and Zhang, Jing and
               Chen, Hua},
  month     = may,
  year      = {2010},
  note      = {ISSN:
               2158-7442},
  keywords  = {Kilns, Image texture analysis, Cement industry, Image
               analysis, Algorithm design and analysis, Automatic control, Computer industry,
               Industrial control, Metals industry, Graphics, texture analysis, clinker,
               rotary kiln, c4.5, GLCM},
  pages     = {211--214}
}

@inproceedings{zujovic_structural_2009,
  title     = {Structural similarity metrics for texture analysis and
               retrieval},
  doi       = {10.1109/ICIP.2009.5413897},
  booktitle = {2009 16th {IEEE} {International} {Conference} on
               {Image} {Processing} ({ICIP})},
  author    = {Zujovic, Jana and Pappas,
               Thrasyvoulos N. and Neuhoff, David L.},
  month     = nov,
  year      = {2009},
  note      = {ISSN: 2381-8549},
  keywords  = {Image texture analysis, Image
               retrieval, Statistics, Humans, Image coding, Image quality, PSNR, Wavelet
               domain, Image color analysis, Image analysis, Steerable filter decomposition,
               dominant colors, image retrieval, image compression},
  pages     = {2225--2228}
}


@inproceedings{seck_3d_2014,
  title     = {{3D} {Facial} {Skin} {Texture} {Analysis} {Using} {Geometric}
               {Descriptors}},
  doi       = {10.1109/ICPR.2014.203},
  booktitle = {2014 22nd {International} {Conference} on
               {Pattern} {Recognition}},
  author    = {Seck, Alassane and Dee, Hannah and
               Tiddeman, Bernard},
  month     = aug,
  year      = {2014},
  note      = {ISSN: 1051-4651},
  keywords  = {Skin, Three-dimensional displays, Surface texture, Rough surfaces,
               Surface roughness, Feature extraction, Lighting},
  pages     = {1126--1131}
}

@inproceedings{liu_texture_2014,
  title     = {Texture {Analysis} with {Shape} {Co}-occurrence {Patterns}},
  doi       = {10.1109/ICPR.2014.288},
  booktitle = {2014 22nd
               {International} {Conference} on {Pattern} {Recognition}},
  author    = {Liu, Gang
               and Xia, Gui-Song and Yang, Wen and Zhang, Liangpei},
  month     = aug,
  year      = {2014},
  note      = {ISSN: 1051-4651},
  keywords  = {Shape, Databases, Analytical
               models, Level set, Transforms, Histograms, Training},
  pages     = {1627--1632}
}

@inproceedings{sidiropoulos_texture_2021,
  title     = {Texture {Analysis} for {Machine} {Learning} {Based} {Marble} {Tiles}
               {Sorting}},
  doi       = {10.1109/CCWC51732.2021.9376086},
  booktitle = {2021 {IEEE} 11th
               {Annual} {Computing} and {Communication} {Workshop} and {Conference}
               ({CCWC})},
  author    = {Sidiropoulos, George K. and Ouzounis, Athanasios G. and
               Papakostas, George A. and Sarafis, Ilias T. and Stamkos, Andreas and Solakis,
               George},
  month     = jan,
  year      = {2021},
  keywords  = {Machine learning algorithms,
               Conferences, Digital images, Clustering algorithms, Machine learning,
               Classification algorithms, Sorting, machine vision, texture descriptors,
               machine learning, marble tiles, dolomite, quality control},
  pages     = {0045--0051}
}

@inproceedings{ghosh_automated_2020,
  title     = {Automated {Detection} and {Localization} of {Counterfeit} {Chip}
               {Defects} by {Texture} {Analysis} in {Infrared} ({IR}) {Domain}},
  doi       = {10.1109/PAINE49178.2020.9337739},
  booktitle = {2020 {IEEE} {Physical}
               {Assurance} and {Inspection} of {Electronics} ({PAINE})},
  author    = {Ghosh,
               Pallabi and Botero, Ulbert J and Ganji, Fatemeh and Woodard, Damon and
               Chakraborty, Rajat Subhra and Forte, Domenic},
  month     = dec,
  year      = {2020},
  keywords  = {Integrated circuits, Location awareness, Supply chains,
               Inspection, Feature extraction, Surface texture, Tuning},
  pages     = {1--6}
}

@inproceedings{abdeldayem_automatically_2018,
  title     = {Automatically {Detecting} {Arrhythmia}-related {Irregular} {Patterns}
               using the {Temporal} and {Spectro}-{Temporal} {Textures} of {ECG} {Signals}},
  doi       = {10.1109/ICPR.2018.8546045},
  booktitle = {2018 24th
               {International} {Conference} on {Pattern} {Recognition} ({ICPR})},
  author    = {Abdeldayem, Sara S. and Bourlai, Thirimachos},
  month     = aug,
  year      = {2018},
  note      = {ISSN: 1051-4651},
  keywords  = {Electrocardiography, Feature extraction,
               Heart beat, Time-frequency analysis, Medical services, Wavelet transforms},
  pages     = {2301--2307}
}

@article{bianconi_cnn-based_2019,
  title      = {{CNN}-{Based} {Refactoring} of {Hand}-{Designed} {Filters} for
                {Texture} {Analysis}: {A} {Classic} {Revisited}},
  volume     = {7},
  issn       = {2169-3536},
  shorttitle = {{CNN}-{Based} {Refactoring} of {Hand}-{Designed}
                {Filters} for {Texture} {Analysis}},
  doi        = {10.1109/ACCESS.2019.2956863},
  journal    = {IEEE Access},
  author     = {Bianconi, Francesco and Cusano, Claudio and
                Napoletano, Paolo and Schettini, Raimondo},
  year       = {2019},
  keywords   = {Feature
                extraction, Training, Machine learning, Kernel, Convolution, Gabor filters,
                Computational efficiency, Texture analysis, convolutional neural networks,
                image filters},
  pages      = {173076--173085}
}

@inproceedings{sghaier_flood_2017,
  title     = {Flood hazard mapping from {SAR} images using texture analysis and
               fuzzy logic},
  doi       = {10.1109/IGARSS.2017.8127349},
  booktitle = {2017 {IEEE}
               {International} {Geoscience} and {Remote} {Sensing} {Symposium} ({IGARSS})},
  author    = {Sghaier, Moslem Ouled and Hammami, Imen and Foucher, Samuel and
               Lepage, Richard},
  month     = jul,
  year      = {2017},
  note      = {ISSN: 2153-7003},
  keywords  = {Synthetic aperture radar, Feature extraction, Rivers, Fuzzy logic,
               Radar imaging, Surface morphology, Flood mapping, texture analysis,
               mathematical morphology, fuzzy logic, RADARSAT-2 images},
  pages     = {1900--1903}
}

@article{ojala_multiresolution_2002,
  title    = {Multiresolution gray-scale and rotation invariant texture
              classification with local binary patterns},
  volume   = {24},
  issn     = {1939-3539},
  doi      = {10.1109/TPAMI.2002.1017623},
  number   = {7},
  journal  = {IEEE Transactions on Pattern Analysis and
              Machine Intelligence},
  author   = {Ojala, T. and Pietikainen, M. and Maenpaa,
              T.},
  month    = jul,
  year     = {2002},
  keywords = {Gray-scale, Spatial resolution,
              Prototypes, Pattern recognition, Image recognition, Image texture, Histograms,
              Quantization, Multiresolution analysis, Robustness},
  pages    = {971--987}
}

@article{badrinarayanan_segnet:_2017,
  title      = {{SegNet}: {A} {Deep} {Convolutional} {Encoder}-{Decoder}
                {Architecture} for {Image} {Segmentation}},
  volume     = {39},
  issn       = {1939-3539},
  shorttitle = {{SegNet}},
  doi        = {10.1109/TPAMI.2016.2644615},
  number     = {12},
  journal    = {IEEE
                Transactions on Pattern Analysis and Machine Intelligence},
  author     = {Badrinarayanan, Vijay and Kendall, Alex and Cipolla, Roberto},
  month      = dec,
  year       = {2017},
  keywords   = {Decoding, Neural networks, Training, Computer
                architecture, Image segmentation, Semantics, Convolutional codes, Deep
                convolutional neural networks, semantic pixel-wise segmentation, indoor
                scenes, road scenes, encoder, decoder, pooling, upsampling},
  pages      = {2481--2495}
}

%% THESIS

@article{martineau_survey_2017,
  title   = {A survey on image-based insect classification},
  author  = {Maxime
             Martineau and Donatello Conte and Romain Raveaux and Ingrid Arnault
             and Damien Munier and Gilles Venturini},
  journal = {Pattern Recognit.},
  year    = {2017},
  volume  = {65},
  pages   = {273-284}
}

@article{reed_review_1993,
  author   = {Reed, T.R. and Dubuf, J.M.H.},
  journal  = {CVGIP: Image
              Understanding},
  title    = {A {Review} of {Recent} {Texture} {Segmentation}
              and {Feature} {Extraction} {Techniques}},
  year     = {1993},
  issn     = {10499660},
  month    = may,
  number   = {3},
  pages    = {359--372},
  volume   = {57},
  doi      = {10.1006/ciun.1993.1024},
  language = {en},
  url      = {https://linkinghub.elsevier.com/retrieve/pii/S1049966083710247}
}

@article{maillard_texture_2003,
  author  = {P. Maillard},
  journal = {Photogrammetric Engineering and Remote
             Sensing},
  title   = {Comparing Texture Analysis Methods through
             Classification},
  year    = {2003},
  pages   = {357-367},
  volume  = {69}
}

@article{tihelka_evolution_2021,
  title   = {The evolution of insect biodiversity},
  journal = {Current
             Biology},
  volume  = {31},
  number  = {19},
  pages   = {R1299-R1311},
  year    = {2021},
  issn    = {0960-9822},
  doi     = {https://doi.org/10.1016/j.cub.2021.08.057},
  url     = {https://www.sciencedirect.com/science/article/pii/S0960982221011933},
  author  = {Erik Tihelka and Chenyang Cai and Mattia Giacomelli and Jesus
             Lozano-Fernandez and Omar Rota-Stabelli and Diying Huang and
             Michael S. Engel and Philip C.J. Donoghue and Davide Pisani}
}

@book{berenbaum_bugs_1996,
  title      = {Bugs {In} {The} {System}: {Insects} {And} {Their} {Impact} {On}
                {Human} {Affairs}},
  isbn       = {9780465024452},
  shorttitle = {Bugs {In}
                {The} {System}},
  language   = {en},
  publisher  = {Basic Books},
  author     = {Berenbaum, May},
  month      = jun,
  year       = {1996},
  keywords   = {Science / Life Sciences /
                Zoology / Entomology, Nature / Animals / Insects \& Spiders}
}


@inproceedings{lim_performance_2017,
  title     = {Performance effect analysis for insect classification using
               convolutional neural network},
  doi       = {10.1109/ICCSCE.2017.8284406},
  booktitle = {2017 7th {IEEE}
               {International} {Conference} on {Control} {System},
               {Computing} and {Engineering} ({ICCSCE})},
  author    = {Lim, Suchang and Kim,
               Seunghyun and Kim, Doyeon},
  month     = nov,
  year      = {2017},
  keywords  = {Insects,
               Feature extraction, Convolution, Kernel, Data mining,
               Convolutional neural networks, Insect classification,
               Convolutional neural network, Convolution layer, Convolution
               kernel},
  pages     = {210--215}
}

@inproceedings{deng_imagenet_2009,
  title      = {{ImageNet}: {A} large-scale hierarchical image database},
  shorttitle = {{ImageNet}},
  doi        = {10.1109/CVPR.2009.5206848},
  booktitle  = {2009 {IEEE} {Conference} on {Computer}
                {Vision} and {Pattern} {Recognition}},
  author     = {Deng, Jia and Dong, Wei
                and Socher, Richard and Li, Li-Jia and Li, Kai and Fei-Fei, Li},
  month      = jun,
  year       = {2009},
  note       = {ISSN: 1063-6919},
  keywords   = {Large-scale systems, Image databases, Explosions, Internet,
                Robustness,
                Information retrieval, Image retrieval, Multimedia databases,
                Ontologies, Spine},
  pages      = {248--255}
}

@misc{imagenet_labels,
  title      = {text: imagenet 1000 class idx to human readable labels},
  shorttitle = {text: imagenet 1000 class idx to human readable labels},
  url        = {https://gist.github.com/yrevar/942d3a0ac09ec9e5eb3a},
  language   = {en},
  journal    = {Gist},
  author     = {Carlos Guestrin and Emily Fox}
}

@misc{glick_insect_2016,
  title    = {Insect {Classification} {With} {Heirarchical} {Deep}
              {Convolutional} {Neural} {Networks} {Convolutional} {Neural}
              {Networks} for {Visual} {Recognition}},
  language = {en},
  author   = {Glick, Jeffrey A. and Miller, K.},
  year     = {2016}
}

@article{thenmozhi_crop_2019,
  title    = {Crop pest classification based on deep convolutional neural
              network and transfer learning},
  volume   = {164},
  issn     = {0168-1699},
  url      = {https://www.sciencedirect.com/science/article/pii/S0168169919310695},
  doi      = {10.1016/j.compag.2019.104906},
  language = {en},
  journal  = {Computers and Electronics in Agriculture},
  author   = {Thenmozhi,
              K. and Srinivasulu Reddy, U.},
  month    = sep,
  year     = {2019},
  keywords = {Insect classification, Field crops, Convolutional neural
              network, Deep learning, Transfer learning},
  pages    = {104906}
}

@article{kaloudis_insect_2005,
  title    = {Insect identification expert system for forest protection},
  volume   = {28},
  issn     = {0957-4174},
  url      = {https://www.sciencedirect.com/science/article/pii/S0957417404001496},
  doi      = {10.1016/j.eswa.2004.12.005},
  language = {en},
  number   = {3},
  journal  = {Expert Systems with Applications},
  author   = {Kaloudis, S. and
              Anastopoulos, D. and Yialouris, C. P. and Lorentzos, N. A. and
              Sideridis, A. B.},
  month    = apr,
  year     = {2005},
  keywords = {Forest pest management,
              Diagnostic expert systems, Decision support system},
  pages    = {445--452}
}

@article{xia_insect_2018,
  title   = {Insect {Detection} and {Classification} {Based} on an {Improved}
             {Convolutional} {Neural} {Network}},
  volume  = {18},
  issn    = {1424-8220},
  url     = {https://www.ncbi.nlm.nih.gov/pmc/articles/PMC6308804/},
  doi     = {10.3390/s18124169},
  number  = {12},
  journal = {Sensors
             (Basel, Switzerland)},
  author  = {Xia, Denan and Chen, Peng and Wang, Bing
             and Zhang, Jun and Xie, Chengjun},
  month   = nov,
  year    = {2018},
  pmid    = {30486481},
  pmcid   = {PMC6308804},
  pages   = {4169}
}

@inproceedings{feng_automated_2013,
  title     = {Automated identification and retrieval of moth images with
               semantically related visual attributes on the wings},
  doi       = {10.1109/ICIP.2013.6738531},
  booktitle = {2013
               {IEEE} {International} {Conference} on {Image} {Processing}},
  author    = {Feng, Linan and Bhanu, Bir},
  month     = sep,
  year      = {2013},
  note      = {ISSN:
               2381-8549},
  keywords  = {Entomological image identification and retrieval,
               semantically-related visual attribtues, attribute cooccurrence pattern
               detection},
  pages     = {2577--2581}
}

@article{gotlieb_texture_1990,
  title    = {Texture descriptors based on co-occurrence matrices},
  volume   = {51},
  issn     = {0734189X},
  url      = {https://linkinghub.elsevier.com/retrieve/pii/S0734189X05800635},
  doi      = {10.1016/S0734-189X(05)80063-5},
  language = {en},
  number   = {1},
  journal  = {Computer Vision, Graphics, and Image Processing},
  author   = {Gotlieb, Calvin C. and Kreyszig, Herbert E.},
  month    = jul,
  year     = {1990},
  pages    = {70--86}
}

@article{lowe_distinctive_2004,
  title    = {Distinctive {Image} {Features} from {Scale}-{Invariant}
              {Keypoints}},
  volume   = {60},
  issn     = {0920-5691},
  url      = {http://link.springer.com/10.1023/B:VISI.0000029664.99615.94},
  doi      = {10.1023/B:VISI.0000029664.99615.94},
  language = {en},
  number   = {2},
  journal  = {International Journal of Computer Vision},
  author   = {Lowe, David G.},
  month    = nov,
  year     = {2004},
  pages    = {91--110}
}

@article{hassan_advances_2014,
  title   = {Advances in {Automatic} {Insect} {Classification}},
  volume  = {3},
  issn    = {22005846},
  url     = {http://www.wireilla.com/engg/eeeij/papers/3214elelij04.pdf},
  doi     = {10.14810/elelij.2014.3204},
  number  = {2},
  journal = {Electrical and Electronics Engineering: An International Journal},
  author  = {Hassan, Siti N. A and Rahman, Nadiah S. A and Htike, Zaw Zaw and Win, Shoon
             Le},
  month   = may,
  year    = {2014},
  pages   = {51--63}
}

@article{sosiak_multidimensional_2021,
  title    = {Multidimensional trait morphology predicts ecology across ant
              lineages},
  volume   = {35},
  issn     = {0269-8463, 1365-2435},
  url      = {https://onlinelibrary.wiley.com/doi/10.1111/1365-2435.13697},
  doi      = {10.1111/1365-2435.13697},
  language = {en},
  number   = {1},
  journal  = {Functional Ecology},
  author   = {Sosiak, Christine E.
              and Barden, Phillip},
  editor   = {Higham, Timothy},
  month    = jan,
  year     = {2021},
  pages    = {139--152}
}


@article{cao_online_2020,
  title      = {Online tracking of ants based on deep association metrics: method,
                dataset and evaluation},
  volume     = {103},
  issn       = {00313203},
  shorttitle = {Online tracking of ants based on deep association metrics},
  url        = {https://linkinghub.elsevier.com/retrieve/pii/S003132032030039X},
  doi        = {10.1016/j.patcog.2020.107233},
  language   = {en},
  journal    = {Pattern Recognition},
  author     = {Cao, Xiaoyan and Guo, Shihui and
                Lin, Juncong and Zhang, Wenshu and Liao, Minghong},
  month      = jul,
  year       = {2020},
  pages      = {107233}
}

@article{gal_antrax_2020,
  title    = {{anTraX}, a software package for high-throughput video tracking of
              color-tagged insects},
  volume   = {9},
  issn     = {2050-084X},
  doi      = {10.7554/eLife.58145},
  language = {eng},
  journal  = {eLife},
  author   = {Gal, Asaf and Saragosti, Jonathan and
              Kronauer, Daniel Jc},
  month    = nov,
  year     = {2020},
  pmid     = {33211008},
  pmcid    = {PMC7676868},
  keywords = {Algorithms, Animals, Behavior, Animal, Image
              Processing, Computer-Assisted, Insecta, Software, Video Recording, ants,
              collective behavior, ethology, formicidae, machine learning, machine vision,
              neuroscience, social behavior, social insects, tracking},
  pages    = {e58145}
}

@techreport{sclocco_integrating_2020,
  title       = {Integrating real-time data analysis into automatic tracking of
                 social insect behavior},
  copyright   = {© 2020, Posted by Cold Spring Harbor
                 Laboratory. This pre-print is available under a Creative Commons License
                 (Attribution-NonCommercial-NoDerivs 4.0 International), CC BY-NC-ND 4.0, as
                 described at http://creativecommons.org/licenses/by-nc-nd/4.0/},
  url         = {https://www.biorxiv.org/content/10.1101/2020.11.03.366195v1},
  language    = {en},
  institution = {bioRxiv},
  author      = {Sclocco, Alessio and Ong,
                 Shirlyn Jia Yun and Aung, Sai Yan Pyay and Teseo, Serafino},
  month       = nov,
  year        = {2020},
  note        = {Type: article},
  pages       = {2020.11.03.366195}
}

@article{chandra_foraging_2021,
  title    = {Foraging and feeding are independently regulated by social and
              personal hunger in the clonal raider ant},
  volume   = {75},
  issn     = {1432-0762},
  url      = {https://doi.org/10.1007/s00265-021-02985-7},
  doi      = {10.1007/s00265-021-02985-7},
  language = {en},
  number   = {2},
  journal  = {Behavioral Ecology and Sociobiology},
  author   = {Chandra, Vikram and
              Kronauer, Daniel J. C.},
  month    = jan,
  year     = {2021},
  pages    = {41}
}

@article{fetter_oxytocin_2021,
  title    = {An oxytocin/vasopressin-related neuropeptide modulates social
              foraging behavior in the clonal raider ant},
  volume   = {19},
  issn     = {1545-7885},
  url      = {https://journals.plos.org/plosbiology/article?id=10.1371/journal.pbio.3001305},
  doi      = {10.1371/journal.pbio.3001305},
  language = {en},
  number   = {6},
  journal  = {PLOS Biology},
  author   = {Fetter-Pruneda, Ingrid and Hart, Taylor
              and Ulrich, Yuko and Gal, Asaf and Oxley, Peter R. and Olivos-Cisneros,
              Leonora and Ebert, Margaret S. and Kazmi, Manija A. and Garrison, Jennifer L.
              and Bargmann, Cornelia I. and Kronauer, Daniel J. C.},
  month    = jun,
  year     = {2021},
  keywords = {Ants, Animal sociality, Larvae, Behavior, Foraging,
              Social systems, Animal behavior, Pupae},
  pages    = {e3001305}
}

@article{liu_pestnet_2019,
  title      = {{PestNet}: {An} {End}-to-{End} {Deep} {Learning} {Approach} for
                {Large}-{Scale} {Multi}-{Class} {Pest} {Detection} and {Classification}},
  volume     = {7},
  issn       = {2169-3536},
  shorttitle = {{PestNet}},
  doi        = {10.1109/ACCESS.2019.2909522},
  journal    = {IEEE Access},
  author     = {Liu, Liu and Wang, Rujing and Xie, Chengjun and Yang, Po and Wang, Fangyuan
                and Sudirman, Sud and Liu, Wancai},
  year       = {2019},
  keywords   = {Feature
                extraction, Proposals, Insects, Training, Deep learning, Task analysis,
                Computer architecture, Channel-spatial attention, convolutional neural
                network, multi-class pest detection, position-sensitive score map, region
                proposal network},
  pages      = {45301--45312}
}

@article{kasinathan_machine_2021,
  title    = {Machine learning ensemble with image processing for pest
              identification and classification in field crops},
  volume   = {33},
  issn     = {1433-3058},
  url      = {https://doi.org/10.1007/s00521-020-05497-z},
  doi      = {10.1007/s00521-020-05497-z},
  language = {en},
  number   = {13},
  journal  = {Neural Computing and Applications},
  author   = {Kasinathan, Thenmozhi and
              Uyyala, Srinivasulu Reddy},
  month    = jul,
  year     = {2021},
  pages    = {7491--7504}
}

@inproceedings{urteaga_scorpions_2016,
  title      = {Scorpions: {Classification} of poisonous species using shape
                features},
  shorttitle = {Scorpions},
  doi        = {10.1109/CONIELECOMP.2016.7438563},
  booktitle  = {2016 {International}
                {Conference} on {Electronics}, {Communications} and {Computers}
                ({CONIELECOMP})},
  author     = {Urteaga-Reyesvera, J. Carlos and
                Possani-Espinosa, Andre},
  month      = feb,
  year       = {2016},
  keywords   = {Artificial neural networks, Insects, Shape, Support vector machines, Feature
                extraction, Vegetation, Scorpions, species classification, shape feature,
                random forest},
  pages      = {125--129}
}

@article{pongsiri_examining_2007,
  title      = {Examining the {Links} between {Biodiversity} and {Human} {Health}:
                {An} {Interdisciplinary} {Research} {Initiative} at the {U}.{S}.
                {Environmental} {Protection} {Agency}},
  volume     = {4},
  issn       = {1612-9202},
  shorttitle = {Examining the {Links} between {Biodiversity} and {Human}
                {Health}},
  url        = {https://www.ncbi.nlm.nih.gov/pmc/articles/PMC7087626/},
  doi        = {10.1007/s10393-007-0087-3},
  number     = {1},
  journal    = {Ecohealth},
  author     = {Pongsiri, Montira J. and Roman, Joe},
  year       = {2007},
  pmid       = {null},
  pmcid      = {PMC7087626},
  pages      = {82--85}
}


@article{mann_surface_2014,
  title    = {Surface micropattern limits bacterial contamination},
  volume   = {3},
  issn     = {2047-2994},
  doi      = {10.1186/2047-2994-3-28},
  language = {eng},
  journal  = {Antimicrobial Resistance and Infection Control},
  author   = {Mann,
              Ethan E. and Manna, Dipankar and Mettetal, Michael R. and May, Rhea M. and
              Dannemiller, Elisa M. and Chung, Kenneth K. and Brennan, Anthony B. and
              Reddy, Shravanthi T.},
  year     = {2014},
  pmid     = {25232470},
  pmcid    = {PMC4166016},
  pages    = {28}
}

@article{cooper_engineered_2011,
  title      = {Engineered antifouling microtopographies: kinetic analysis of the
                attachment of zoospores of the green alga {Ulva} to silicone elastomers},
  volume     = {27},
  issn       = {0892-7014},
  shorttitle = {Engineered antifouling
                microtopographies},
  url        = {https://doi.org/10.1080/08927014.2011.611305},
  doi        = {10.1080/08927014.2011.611305},
  number     = {8},
  journal    = {Biofouling},
  author     = {Cooper, Scott P. and Finlay, John A. and Cone, Gemma and Callow,
                Maureen E. and Callow, James A. and Brennan, Anthony B.},
  month      = sep,
  year       = {2011},
  pmid       = {21882899},
  keywords   = {biofouling, antifouling, algae,
                topography, roughness, kinetics,  Ulva },
  pages      = {881--892}
}

@article{james_cross_2021,
  title      = {A cross-species test of the function of cuticular traits in ants
                ({Hymenoptera}: {Formicidae})},
  shorttitle = {A cross-species test of the
                function of cuticular traits in ants ({Hymenoptera}},
  url        = {https://myrmecologicalnews.org/cms/index.php?option=com_content&view=category&id=1577&Itemid=439},
  doi        = {10.25849/MYRMECOL.NEWS_031:031},
  author     = {{James T. Buxton}
                and {Kylie A. Robert} and {Alan T. Marshall} and {Travis L. Dutka} and
                {Heloise Gibb}},
  year       = {2021}
}

@article{zhang_visual_2018,
  title      = {Visual interpretability for deep learning: a survey},
  volume     = {19},
  issn       = {2095-9230},
  shorttitle = {Visual interpretability for
                deep learning},
  url        = {https://doi.org/10.1631/FITEE.1700808},
  doi        = {10.1631/FITEE.1700808},
  language   = {en},
  number     = {1},
  journal    = {Frontiers of Information Technology \& Electronic Engineering},
  author     = {Zhang, Quan-shi and Zhu, Song-chun},
  month      = jan,
  year       = {2018},
  pages      = {27--39}
}

@article{selvaraju_grad_2020,
  title      = {Grad-{CAM}: {Visual} {Explanations} from {Deep} {Networks} via
                {Gradient}-{Based} {Localization}},
  volume     = {128},
  issn       = {0920-5691,
                1573-1405},
  shorttitle = {Grad-{CAM}},
  url        = {http://link.springer.com/10.1007/s11263-019-01228-7},
  doi        = {10.1007/s11263-019-01228-7},
  language   = {en},
  number     = {2},
  journal    = {International Journal of Computer Vision},
  author     = {Selvaraju, Ramprasaath
                R. and Cogswell, Michael and Das, Abhishek and Vedantam, Ramakrishna and
                Parikh, Devi and Batra, Dhruv},
  month      = feb,
  year       = {2020},
  pages      = {336--359}
}

@article{maaten_visualizing_2008,
  title   = {Visualizing Data using t-SNE},
  author  = {Laurens van der Maaten and Geoffrey E. Hinton},
  journal = {Journal of Machine Learning Research},
  year    = {2008},
  volume  = {9},
  pages   = {2579-2605}
}

@article{deng_mnist_2012,
  title    = {The {MNIST} {Database} of {Handwritten} {Digit} {Images} for
              {Machine} {Learning} {Research} [{Best} of the {Web}]},
  volume   = {29},
  issn     = {1558-0792},
  doi      = {10.1109/MSP.2012.2211477},
  number   = {6},
  journal  = {IEEE Signal Processing Magazine},
  author   = {Deng, Li},
  month    = nov,
  year     = {2012},
  keywords = {Machine learning},
  pages    = {141--142}
}

@book{duda_pattern_2001,
  address   = {New York},
  edition   = {2nd ed},
  title     = {Pattern classification},
  isbn      = {9780471056690},
  publisher = {Wiley},
  author    = {Duda, Richard O. and Hart, Peter E. and Stork, David G.},
  year      = {2001},
  keywords  = {Pattern recognition systems, Statistical decision}
}

@article{arel_deep_2010,
  title    = {Deep {Machine} {Learning} - {A} {New} {Frontier} in {Artificial}
              {Intelligence} {Research} [{Research} {Frontier}]},
  volume   = {5},
  issn     = {1556-6048},
  doi      = {10.1109/MCI.2010.938364},
  number   = {4},
  journal  = {IEEE
              Computational Intelligence Magazine},
  author   = {Arel, Itamar and Rose, Derek
              C. and Karnowski, Thomas P.},
  month    = nov,
  year     = {2010},
  keywords = {Artificial neural networks, Machine learning, Training, Computer
              architecture, Robustness, Computational modeling, Brain modeling},
  pages    = {13--18}
}

@article{lecun_gradient_1998,
  title    = {Gradient-based learning applied to document recognition},
  volume   = {86},
  issn     = {1558-2256},
  doi      = {10.1109/5.726791},
  number   = {11},
  journal  = {Proceedings of the IEEE},
  author   = {Lecun, Y. and Bottou, L. and Bengio, Y.
              and Haffner, P.},
  month    = nov,
  year     = {1998},
  keywords = {Neural networks,
              Pattern recognition, Machine learning, Optical character recognition
              software, Character recognition, Feature extraction, Multi-layer neural
              network, Optical computing, Hidden Markov models, Principal component
              analysis},
  pages    = {2278--2324}
}

@inproceedings{cimpoi_describing_2014,
  title     = {Describing {Textures} in the {Wild}},
  doi       = {10.1109/CVPR.2014.461},
  booktitle = {2014 {IEEE} {Conference} on {Computer}
               {Vision} and {Pattern} {Recognition}},
  author    = {Cimpoi, Mircea and Maji,
               Subhransu and Kokkinos, Iasonas and Mohamed, Sammy and Vedaldi, Andrea},
  month     = jun,
  year      = {2014},
  note      = {ISSN: 1063-6919},
  keywords  = {Materials, Vectors, Visualization, Image color analysis, Object recognition,
               Vocabulary, Internet, texture, recognition, attribute, material, Fisher
               Vector, convolutional neural network},
  pages     = {3606--3613}
}

@article{simonyan_very_2015,
  title    = {Very {Deep} {Convolutional} {Networks} for {Large}-{Scale} {Image}
              {Recognition}},
  url      = {http://arxiv.org/abs/1409.1556},
  journal  = {arXiv:1409.1556 [cs]},
  author   = {Simonyan, Karen and Zisserman, Andrew},
  month    = apr,
  year     = {2015},
  note     = {arXiv: 1409.1556},
  keywords = {Computer Science - Computer Vision and Pattern Recognition}
}

@inproceedings{he_deep_2015,
  title     = {Deep {Residual} {Learning} for {Image} {Recognition}},
  doi       = {10.1109/CVPR.2016.90},
  booktitle = {2016 {IEEE} {Conference} on {Computer}
               {Vision} and {Pattern} {Recognition} ({CVPR})},
  author    = {He, Kaiming and
               Zhang, Xiangyu and Ren, Shaoqing and Sun, Jian},
  month     = jun,
  year      = {2016},
  note      = {ISSN: 1063-6919},
  keywords  = {Training, Degradation,
               Complexity theory, Image recognition, Neural networks, Visualization, Image
               segmentation},
  pages     = {770--778}
}


@article{harris_array_2020,
  title     = {Array programming with {NumPy}},
  author    = {Charles R. Harris and K. Jarrod Millman and St{\'{e}}fan J.
               van der Walt and Ralf Gommers and Pauli Virtanen and David
               Cournapeau and Eric Wieser and Julian Taylor and Sebastian
               Berg and Nathaniel J. Smith and Robert Kern and Matti Picus
               and Stephan Hoyer and Marten H. van Kerkwijk and Matthew
               Brett and Allan Haldane and Jaime Fern{\'{a}}ndez del
               R{\'{i}}o and Mark Wiebe and Pearu Peterson and Pierre
               G{\'{e}}rard-Marchant and Kevin Sheppard and Tyler Reddy and
               Warren Weckesser and Hameer Abbasi and Christoph Gohlke and
               Travis E. Oliphant},
  year      = {2020},
  month     = sep,
  journal   = {Nature},
  volume    = {585},
  number    = {7825},
  pages     = {357--362},
  doi       = {10.1038/s41586-020-2649-2},
  publisher = {Springer Science and Business Media {LLC}},
  url       = {https://doi.org/10.1038/s41586-020-2649-2}
}

@article{hunter_matplotlib_2007,
  author    = {Hunter, J. D.},
  title     = {Matplotlib: A 2D graphics environment},
  journal   = {Computing in Science \& Engineering},
  volume    = {9},
  number    = {3},
  pages     = {90--95},
  publisher = {IEEE COMPUTER SOC},
  doi       = {10.1109/MCSE.2007.55},
  year      = {2007}
}

@incollection{paszke_pytorch_2019,
  title     = {PyTorch: An Imperative Style, High-Performance Deep Learning
               Library},
  author    = {Paszke, Adam and Gross, Sam and Massa, Francisco and
               Lerer, Adam and Bradbury, James and Chanan, Gregory and Killeen, Trevor and
               Lin, Zeming and Gimelshein, Natalia and Antiga, Luca and Desmaison, Alban and
               Kopf, Andreas and Yang, Edward and DeVito, Zachary and Raison, Martin and
               Tejani, Alykhan and Chilamkurthy, Sasank and Steiner, Benoit and Fang, Lu and
               Bai, Junjie and Chintala, Soumith},
  booktitle = {Advances in Neural
               Information Processing Systems 32},
  pages     = {8024--8035},
  year      = {2019},
  publisher = {Curran
               Associates, Inc.},
  url       = {http://papers.neurips.cc/paper/9015-pytorch-an-imperative-style-high-performance-deep-learning-library.pdf}
}

@misc{anaconda,
  title     = {Anaconda Software Distribution},
  url       = {https://docs.anaconda.com/},
  journal   = {Anaconda Documentation},
  version   = {Vers. 2-2.4.0},
  publisher = {Anaconda Inc.},
  year      = {2020}
}

@article{mehrabani_bio-inspired_2014,
  title      = {Bio-inspired design of ice-retardant devices based on benthic
                marine invertebrates: the effect of surface texture},
  volume     = {2},
  issn       = {2167-8359},
  shorttitle = {Bio-inspired design of ice-retardant devices
                based on benthic marine invertebrates},
  url        = {https://peerj.com/articles/588},
  doi        = {10.7717/peerj.588},
  language   = {en},
  journal    = {PeerJ},
  author     = {Mehrabani, Homayun and Ray, Neil and Tse,
                Kyle and Evangelista, Dennis},
  month      = sep,
  year       = {2014},
  pages      = {e588}
}

@Comment{jabref-meta: databaseType:bibtex;}